<record><leader>00000cas a22000007a 4500</leader><controlfield tag="001">18737691</controlfield><controlfield tag="008">881111d19361956mduwr ne      0    0eng d</controlfield><datafield ind1=" " ind2=" " tag="010"><subfield code="a">sn 88065169 </subfield></datafield><datafield ind1=" " ind2=" " tag="040"><subfield code="a">MFN</subfield><subfield code="b">eng</subfield><subfield code="c">MFN</subfield><subfield code="d">OCLCQ</subfield></datafield><datafield ind1=" " ind2=" " tag="042"><subfield code="a">msc</subfield></datafield><datafield ind1=" " ind2="4" tag="050"><subfield code="a">AN41.721.C4</subfield><subfield code="b">Q4</subfield></datafield><datafield ind1="0" ind2=" " tag="130"><subfield code="a">Queen Anne's record-observer (Centreville, Md. : 1936)</subfield></datafield><datafield ind1="1" ind2="0" tag="245"><subfield code="a">Queen Anne's record-observer.</subfield></datafield><datafield ind1="1" ind2="3" tag="246"><subfield code="a">Queen Ann's record the Centreville observer</subfield></datafield><datafield ind1="1" ind2="7" tag="246"><subfield code="a">Queen Ann's record and observer</subfield></datafield><datafield ind1=" " ind2=" " tag="260"><subfield code="a">Centreville, Md. :</subfield><subfield code="b">Queen Anne's Record and Observer Pub. Co.</subfield></datafield><datafield ind1=" " ind2=" " tag="300"><subfield code="a">v.</subfield></datafield><datafield ind1=" " ind2=" " tag="310"><subfield code="a">Weekly</subfield></datafield><datafield ind1="0" ind2=" " tag="362"><subfield code="a">Vol. 4, no. 68 (Nov. 19, 1936) ; vol. 1, no. 1 (Nov. 26, 1936)-v. 21, no. 27 (June 21, 1956).</subfield></datafield><datafield ind1=" " ind2=" " tag="752"><subfield code="a">United States</subfield><subfield code="b">Maryland</subfield><subfield code="c">Queen Anne's</subfield><subfield code="d">Centreville.</subfield></datafield><datafield ind1="0" ind2="0" tag="780"><subfield code="t">Queen Anne's record the Centreville observer</subfield><subfield code="w">(DLC)sn 90057276</subfield></datafield><datafield ind1="0" ind2="7" tag="785"><subfield code="t">Queenstown news</subfield><subfield code="w">(DLC)sn 89060054</subfield></datafield><datafield ind1="0" ind2="7" tag="785"><subfield code="t">Queen Anne's record-observer and Queenstown news</subfield><subfield code="w">(DLC)sn 88065170</subfield></datafield></record>